@BOOK{book:acid
      , AUTHOR = "James O. Coplien"
      , TITLE = "Advanced C++ Programming Styles and Idioms"
      , PUBLISHER = {Addison-Wesley Pub Co.}
      , ADDRESS = {Boston, MA 02116, USA}
      , YEAR = 1991
}
@MANUAL{report:ebnf
      , TITLE = "ISO/IEC 14977:1996(E)"
      , ORGANIZATION="International Orginisation for Standardisation"
      , YEAR=1996
}

@BOOK{book:SONA,
   AUTHOR="Francis Scheid",
   TITLE="Schaum's Outlines: Numerical Analysis",
   PUBLISHER="McGraw Hill",
   YEAR=1988
}
