@BOOK{book:PCS
      , AUTHOR = "Hans Peter Langtangen"
      , TITLE="Python Scripting for Computational Science (Third Edition)"
      , PUBLISHER={Springer}
      , ADDRESS={Springer-Verlag Berlin Heidelberg}
      , YEAR=2008
}

@BOOK{book:SONA
  , AUTHOR="Francis Scheid"
  , TITLE="Schaum's Outlines: Numerical Analysis"
  , PUBLISHER="McGraw Hill"
  , YEAR=1988
}

@BOOK{book:PRESS
  , AUTHOR="William H. Press et. al."
  , TITLE="Numerical Recipes in C. The Art of Scientific Computing (Second Edition)"
  , PUBLISHER="Cambridge"
  , YEAR=1999
}

@BOOK{book:OEKSENDAL
      , AUTHOR = "Bernt Oeksendal"
      , TITLE="Stochastic Differential Equations. An Introduction with Applications (Fifth Edition)"
      , PUBLISHER="Springer"
      , YEAR=1998
}

@BOOK{book:HAMMOND
  , AUTHOR="Mark Hammond \& Andy Robinson"
  , TITLE="Python Programming on Win32"
  , PUBLISHER="O'Reilly"
  , YEAR=2000
}

@BOOK{book:BOX
  , AUTHOR="Don Box"
  , TITLE="Essential COM"
  , PUBLISHER="Addison Wesley"
  , YEAR=1998
}

@BOOK{book:JCHULL
  , AUTHOR="John C. Hull"
  , TITLE="Options, Futures, And Other Derivatives (Third Edition)"
  , PUBLISHER="Prentice Hall"
  , YEAR=1997
}

@BOOK{book:REBONATO
  , AUTHOR="Riccardo Rebonato"
  , TITLE="Interest-Rate Models (Second Edition)"
  , PUBLISHER="Wiley"
  , YEAR=1998
}

@BOOK{book:KIUSALAAS
  , AUTHOR="Jaan Kiusalaas"
  , TITLE="Numerical Methods In Engineering with Python"
  , PUBLISHER="Cambridge University Press"
  , YEAR=2005
}

@BOOK{book:GLASSERMAN
  , AUTHOR="Paul Glasserman"
  , TITLE="Monte Carlo Methods in Financial Engineering"
  , PUBLISHER="Springer"
  , YEAR=2003
}

@BOOK{book:JAECKEL
  , AUTHOR="Peter Jaeckel"
  , TITLE="Monte Carlo Methods in Finance"
  , PUBLISHER="Wiley"
  , YEAR=1999
}

@BOOK{book:KOHLLANDGRAF
  , AUTHOR="Peter Kohl-Landgraf"
  , TITLE="PDE Valuation of Interest Rate Derivatives. From Theory to Implementation."
  , PUBLISHER="Books on Demand GmbH"
  , YEAR=2008
}

@BOOK{book:DJDUFFY
  , AUTHOR="Daniel J Duffy"
  , TITLE="Finite Difference methods in financial Engineering. A Partial Differential Equation Approach"
  , PUBLISHER="Wiley"
  , YEAR=2006
}

@BOOK{book:ALEXANDRESCU
  , AUTHOR="Andrei Alexdrescu"
  , TITLE="Modern C++ design. Generic Programming and Design Patterns Applied"
  , PUBLISHER="Addison Wesley"
  , YEAR=2001
}

@BOOK{book:RENNIE
  , AUTHOR="Martin Baxter and Andrew Rennie"
  , TITLE="Financial Calculus. An Introduction to derivative pricing"
  , PUBLISHER="Cambridge University Press"
  , YEAR=1998
}

@ARTICLE{article:FRIES05
  , AUTHOR="Christian P. Fries"
  , TITLE="Foresight Bias and Suboptimality Correction in Monte-Carlo Pricing of Options with Early Exercise: Classification, Calculation \& Removal"
  , JOURNAL="SSRN"
  , YEAR=2005
}

@ARTICLE{article:FRIES06
  , AUTHOR="Christian P. Fries and Mark S. Joshi"
  , TITLE="Partial Proxy Simulation Schemes for Generic and Robust Monte-Carlo Greeks."
  , JOURNAL="SSRN"
  , YEAR=2006
}

@ARTICLE{article:FRIES07
  , AUTHOR="Christian P. Fries"
  , TITLE="Valuing American options by simulation: a simple least-squares approach."
  , JOURNAL="SSRN"
  , YEAR=2007
}
  
@ARTICLE{article:PITERBARG03
  , AUTHOR="Vladimir V. Piterbarg"
  , TITLE="A Practitioner's guide to pricing and hedging callable libor exotics in forward libor models."
  , JOURNAL="SSRN"
  , YEAR=2003
}
  
@ARTICLE{article:LS
  , AUTHOR="F.A. Longstaff and E.S. Schwartz"
  , TITLE="Valuing American options by simulation: a simple least-squares approach."
  , JOURNAL="Review of Financial Studies 14:113-147"
  , YEAR=2001
}

